@misc{sicore,
author= {Meyer, Eric and Rivière, Pascal},
year={1997},
title={ SICORE, un outil et une méthode pour le chirement automatique à I’INSEE}
}

@article{joulin2016bag,
  title={Bag of Tricks for Efficient Text Classification},
  author={Joulin, Armand and Grave, Edouard and Bojanowski, Piotr and Mikolov, Tomas},
  journal={arXiv preprint arXiv:1607.01759},
  year={2016}
}